<?xml version="1.0" encoding="UTF-8"?><collection xmlns="http://www.loc.gov/MARC21/slim"><record><leader>00619nam--2200217-u-4500</leader><controlfield tag="001">000053428</controlfield><controlfield tag="002">20161230</controlfield><controlfield tag="005">20161230201051</controlfield><controlfield tag="008">110404s1000------------r-----000-0-eng-d</controlfield><datafield ind1=" " ind2=" " tag="020"><subfield code="a">075030281x</subfield></datafield><datafield ind1=" " ind2=" " tag="040"><subfield code="a">IFIN-HH</subfield></datafield><datafield ind1=" " ind2=" " tag="080"><subfield code="a">530.145:511.237:514.752</subfield></datafield><datafield ind1="1" ind2=" " tag="100"><subfield code="a">Bailin ,David</subfield></datafield><datafield ind1="1" ind2="0" tag="245"><subfield code="a">Introduction to gauge field theory</subfield><subfield code="c">David bailin; alexander love</subfield></datafield><datafield ind1=" " ind2=" " tag="250"><subfield code="a">Revised Edition</subfield></datafield><datafield ind1=" " ind2=" " tag="260"><subfield code="a">Bristol</subfield><subfield code="b">Institute Of Physiscs Publishing</subfield><subfield code="c">1993</subfield></datafield><datafield ind1=" " ind2=" " tag="300"><subfield code="a">364P</subfield></datafield><datafield ind1=" " ind2=" " tag="490"><subfield code="a">Graduate Student Series In Series</subfield></datafield><datafield ind1="1" ind2=" " tag="700"><subfield code="a">Love, Alexander</subfield></datafield><datafield ind1=" " ind2=" " tag="852"><subfield code="a">81588</subfield><subfield code="c">530.145</subfield></datafield><datafield ind1=" " ind2=" " tag="CAT"><subfield code="a">Sys</subfield><subfield code="c">20110404</subfield><subfield code="h">121532</subfield></datafield></record></collection>